<?xml version="1.0" encoding="UTF-8"?><collection xmlns="http://www.loc.gov/MARC21/slim"><record><leader>00592nam--2200205-u-4500</leader><controlfield tag="001">000053055</controlfield><controlfield tag="002">20161230</controlfield><controlfield tag="005">20161230201050</controlfield><controlfield tag="008">110104s1000------------r-----000-0-eng-d</controlfield><datafield ind1=" " ind2=" " tag="020"><subfield code="a">0198525893</subfield></datafield><datafield ind1=" " ind2=" " tag="040"><subfield code="a">IFIN-HH</subfield></datafield><datafield ind1=" " ind2=" " tag="080"><subfield code="a">530.182:538.971(0.064)</subfield></datafield><datafield ind1="1" ind2=" " tag="100"><subfield code="a">Nakamura, Katsuhiro</subfield></datafield><datafield ind1="1" ind2="0" tag="245"><subfield code="a">Quantum chaos and quantum dots</subfield><subfield code="c">Katsuhiro nakamura; takahisa harayama</subfield></datafield><datafield ind1=" " ind2=" " tag="260"><subfield code="a">Oxford</subfield><subfield code="b">Oxford University Press</subfield><subfield code="c">2004</subfield></datafield><datafield ind1=" " ind2=" " tag="300"><subfield code="a">199P</subfield></datafield><datafield ind1=" " ind2=" " tag="490"><subfield code="a">Mesoscopic Physics And Nanotechnology</subfield></datafield><datafield ind1="1" ind2=" " tag="700"><subfield code="a">Harayama, Takahisa</subfield></datafield><datafield ind1=" " ind2=" " tag="852"><subfield code="a">81655</subfield><subfield code="c">538.9</subfield></datafield><datafield ind1=" " ind2=" " tag="CAT"><subfield code="a">Sys</subfield><subfield code="c">20110104</subfield><subfield code="h">105003</subfield></datafield></record></collection>